<?xml version="1.0" encoding="UTF-8"?>
<collection xmlns="http://www.loc.gov/MARC21/slim">
  <record>
    <leader>01301nam a22003618&lt; 4500</leader>
    <controlfield tag="005">02-26-96</controlfield>
    <controlfield tag="008">960213s1996    flu           000 0 eng  </controlfield>
    <controlfield tag="001">991010422259705706</controlfield>
    <datafield tag="010" ind1=" " ind2=" "><subfield code="a">95041713</subfield></datafield><datafield tag="020" ind1=" " ind2=" "><subfield code="a">1566700701</subfield><subfield code="q">(alk. paper)</subfield></datafield><datafield tag="020" ind1=" " ind2=" "><subfield code="a">9781566700702</subfield><subfield code="q">(alk. paper)</subfield></datafield><datafield tag="035" ind1=" " ind2=" "><subfield code="a">(NhD)b23774344-01dcl_inst</subfield></datafield><datafield tag="035" ind1=" " ind2=" "><subfield code="a">(CStRLIN)ocm33245123</subfield><subfield code="9">ExL</subfield></datafield><datafield tag="035" ind1=" " ind2=" "><subfield code="b">b23774344</subfield></datafield><datafield tag="040" ind1=" " ind2=" "><subfield code="a">DLC</subfield><subfield code="c">DLC</subfield><subfield code="d">NhD</subfield></datafield><datafield tag="050" ind1=" " ind2="4"><subfield code="a">QH545.A1</subfield><subfield code="b">R65 1996</subfield></datafield><datafield tag="100" ind1="1" ind2=" "><subfield code="a">Römbke, Jörg.</subfield><subfield code="0">http://id.loc.gov/authorities/names/n95093926.</subfield></datafield><datafield tag="245" ind1="1" ind2="0"><subfield code="a">Applied ecotoxicology /</subfield><subfield code="c">Jörg Römbke, Johann F. Moltmann.</subfield></datafield><datafield tag="260" ind1=" " ind2=" "><subfield code="a">Boca Raton, FL :</subfield><subfield code="b">CRC/Lewis Publishers,</subfield><subfield code="c">1995.</subfield></datafield><datafield tag="300" ind1=" " ind2=" "><subfield code="a">282 pages :</subfield><subfield code="b">illustrations ;</subfield><subfield code="c">24 cm.</subfield></datafield><datafield tag="336" ind1=" " ind2=" "><subfield code="a">text</subfield><subfield code="b">txt</subfield><subfield code="2">rdacontent.</subfield></datafield><datafield tag="337" ind1=" " ind2=" "><subfield code="a">unmediated</subfield><subfield code="b">n</subfield><subfield code="2">rdamedia.</subfield></datafield><datafield tag="338" ind1=" " ind2=" "><subfield code="a">volume</subfield><subfield code="b">nc</subfield><subfield code="2">rdacarrier.</subfield></datafield><datafield tag="504" ind1=" " ind2=" "><subfield code="a">Includes bibliographical references and index.</subfield></datafield><datafield tag="650" ind1=" " ind2="0"><subfield code="a">Pollution.</subfield><subfield code="0">http://id.loc.gov/authorities/subjects/sh85104530.</subfield></datafield><datafield tag="700" ind1="1" ind2=" "><subfield code="a">Moltmann, Johann Felix,</subfield><subfield code="d">1954-</subfield><subfield code="0">http://id.loc.gov/authorities/names/n91002202.</subfield></datafield><datafield tag="991" ind1=" " ind2=" "><subfield code="a">b23774344</subfield></datafield><datafield tag="906" ind1=" " ind2=" "><subfield code="a">0</subfield><subfield code="b">flu</subfield><subfield code="c">multi</subfield><subfield code="d">a</subfield><subfield code="e">r</subfield><subfield code="f">1</subfield><subfield code="g">02-09-96</subfield><subfield code="h">01-10-19</subfield><subfield code="i">20</subfield></datafield><datafield tag="955" ind1=" " ind2=" "><subfield code="u">+l</subfield></datafield><datafield tag="948" ind1=" " ind2=" "><subfield code="a">BSLW 06/11/2018</subfield></datafield><datafield tag="998" ind1=" " ind2=" "><subfield code="a">02/13/96</subfield><subfield code="t">c</subfield><subfield code="s">9110</subfield><subfield code="l">NHDG</subfield><subfield code="n">NhD</subfield><subfield code="w">DCLC9541713B</subfield><subfield code="d">02/13/96</subfield><subfield code="c">JS</subfield><subfield code="b">ACQ</subfield><subfield code="i">960213</subfield></datafield><datafield tag="995" ind1=" " ind2=" "><subfield code="a">OCLC Recl. 2008</subfield></datafield><datafield tag="903" ind1=" " ind2=" "><subfield code="f">corr./JS/2-26-96</subfield></datafield><datafield tag="903" ind1=" " ind2=" "><subfield code="a">QH545.A1</subfield><subfield code="b">R65 1995</subfield></datafield><datafield tag="852" ind1="0" ind2=" "><subfield code="b">DEPOSITORY</subfield><subfield code="c">DEPOSITORY</subfield><subfield code="h">QH545.A1 R65 1996</subfield><subfield code="8">22127176380005706</subfield></datafield><datafield tag="950" ind1=" " ind2=" "><subfield code="z">33311011074376</subfield><subfield code="e">1</subfield></datafield></record>
</collection>
